@article{dummy2023,
  title={A Dummy Reference for Testing},
  author={John Doe and Jane Smith},
  journal={Journal of Testing},
  volume={42},
  number={1},
  pages={1-10},
  year={2023},
  publisher={Testing Publishers}
}
